<record><leader>00000cas a22000007a 4500</leader><controlfield tag="001">12515338</controlfield><controlfield tag="008">850907d18731874mouwr ne      0    0eng d</controlfield><datafield ind1=" " ind2=" " tag="010"><subfield code="a">sn 85034152 </subfield></datafield><datafield ind1=" " ind2=" " tag="040"><subfield code="a">NPU</subfield><subfield code="b">eng</subfield><subfield code="c">NPU</subfield><subfield code="d">OCLCQ</subfield></datafield><datafield ind1=" " ind2=" " tag="042"><subfield code="a">msc</subfield></datafield><datafield ind1="0" ind2=" " tag="130"><subfield code="a">Banner of liberty (Vienna, Mo. : 1873)</subfield></datafield><datafield ind1="1" ind2="0" tag="245"><subfield code="a">Banner of liberty.</subfield></datafield><datafield ind1=" " ind2=" " tag="260"><subfield code="a">Vienna, Mo. :</subfield><subfield code="b">J.M. Johnson &amp; A.P. Rittenhouse</subfield></datafield><datafield ind1=" " ind2=" " tag="300"><subfield code="a">v. ;</subfield><subfield code="c">56 cm.</subfield></datafield><datafield ind1=" " ind2=" " tag="310"><subfield code="a">Weekly</subfield></datafield><datafield ind1="1" ind2=" " tag="362"><subfield code="a">Began with Feb. 14, 1873 issue; ceased with Mar. 6, 1874 issue.</subfield><subfield code="z">Cf. NIM, 1973-1977.</subfield></datafield><datafield ind1=" " ind2=" " tag="588"><subfield code="a">Description based on: Vol. 1, no. 13 (May 9, 1873).</subfield></datafield><datafield ind1=" " ind2=" " tag="752"><subfield code="a">United States</subfield><subfield code="b">Missouri</subfield><subfield code="c">Maries</subfield><subfield code="d">Vienna.</subfield></datafield><datafield ind1="0" ind2="0" tag="785"><subfield code="t">Vienna courier</subfield></datafield></record>